<?xml version="1.0" encoding="UTF-8"?><collection xmlns="http://www.loc.gov/MARC21/slim"><record><leader>00599nam--2200181-u-4500</leader><controlfield tag="001">000055511</controlfield><controlfield tag="002">20161230</controlfield><controlfield tag="005">20161230201052</controlfield><controlfield tag="008">130218s1000------------r-----000-0-eng-d</controlfield><datafield ind1=" " ind2=" " tag="040"><subfield code="a">IFIN-HH</subfield></datafield><datafield ind1=" " ind2=" " tag="080"><subfield code="a">669:413.232=3=S</subfield></datafield><datafield ind1="1" ind2=" " tag="100"><subfield code="a">Deputatova, N.F</subfield></datafield><datafield ind1="1" ind2="0" tag="245"><subfield code="a">Deutsch-russisches wortervuch fur metallbearbeitung</subfield><subfield code="b">Nemetko-russkii slovari po metallooobrebotke</subfield><subfield code="c">N.f. deputatova, i.m. staroselkaia, a.g. schirmann</subfield></datafield><datafield ind1=" " ind2=" " tag="260"><subfield code="a">Moskau</subfield><subfield code="b">Staatsverlag Fur Technisch-theoretische Literatur</subfield><subfield code="c">1949</subfield></datafield><datafield ind1=" " ind2=" " tag="300"><subfield code="a">402P</subfield></datafield><datafield ind1="1" ind2=" " tag="700"><subfield code="a">Schirmann, A.G</subfield></datafield><datafield ind1=" " ind2=" " tag="852"><subfield code="a">D.83</subfield><subfield code="c">SLT</subfield></datafield><datafield ind1=" " ind2=" " tag="CAT"><subfield code="a">Sys</subfield><subfield code="c">20130218</subfield><subfield code="h">123408</subfield></datafield></record></collection>